% This file was created with JabRef 2.10b2.
% Encoding: Cp1252


@BOOK{Gibaldi:80,
  author       = {Joseph Gibaldi and Walter S. Achtert},
  title        = {MLA Handbook for Writers of Research Papers, Theses and
                  Dissertations},
  year         = 1980,
  publisher    = {Modern Language Association of America},
  edition      = 4,
}

@BOOK{UoCPress:03,
  author       = {{University of Chicago Press}},
  title        = {The Chicago Manual of Style},
  year         = 2003,
  publisher    = {University of Chicago Press},
  edition      = 15,
}

@BOOK{Strunk:00,
  author       = {Strunk, Jr, William and White, Elwyn Brooks and Roger
                  Angell},
  title        = {The Elements of Style},
  year         = 2000,
  publisher    = {Longman},
  edition      = 4,
}


@BOOK{Booth:03,
  author       = {Booth, Wayne C. and Colomb, Gregory G. and Williams, Joseph
                  M. },
  title        = {The Craft of Research},
  year         = 2003,
  publisher    = {University of Chicago Press},
  edition      = 2,
}


@Book{morel,
  Title                    = {Variational Methods in Image Segmentation},
  Author                   = {Morel},

  Owner                    = {omar},
  Timestamp                = {2016.04.19}
}

@Article{strbac,
  Title                    = {Analyzing the potential of GPGPUs for real-time explicit finite element analysis of soft tissue deformation using CUDA},
  Author                   = {Strbac},

  Owner                    = {omar},
  Timestamp                = {2016.04.20}
}

@Article{tarjuelo,
  Title                    = {Automatic Segmentation of Abdominal Aortic Aneurysm from Magnetic Resonance Images Based on Active Shape Models and Texture Models},
  Author                   = {Tarjuelo-Gutierrez},

  Owner                    = {omar},
  Timestamp                = {2016.04.20}
}

@Article{cotin,
  Title                    = {Deformation-based Augmented Reality for Hepatic Surgery},

  Owner                    = {omar},
  Timestamp                = {2016.04.20}
}

@Article{h3d,
  Title                    = {H3D. haptics},

  Owner                    = {omar},
  Timestamp                = {2016.04.20}
}

@Article{heartmech,
  Title                    = {A high-resolution computational model of the deforming human heart},
  Pages                    = {124},
  Volume                   = {14},

  Owner                    = {Omar},
  Timestamp                = {2010.08.23}
}

@Article{junwu,
  Title                    = {Real-time Haptic Cutting of High-resolution soft tissues},

  Owner                    = {omar},
  Timestamp                = {2016.04.20}
}

@Article{kazhdan,
  Title                    = {Poisson Surface Reconstruction},

  Owner                    = {omar},
  Timestamp                = {2016.04.20}
}

@Article{lcevt,
  Title                    = {Image Segmentation Using Local Variation and Edge-Weighted Centroidal Voronoi Tessellations},

  Owner                    = {omar},
  Timestamp                = {2016.02.01}
}

@Book{mitiche,
  Title                    = {Variational and Level Set Methods in Image Segmentation},

  Owner                    = {omar},
  Timestamp                = {2016.04.19}
}

@Article{newheartpaper,
  Title                    = {Anatomically accurate high resolution modeling of human whole heart electromechanics: A strongly scalable algebraic multigrid solver method for nonlinear deformation},

  Owner                    = {omar},
  Timestamp                = {2016.01.31}
}

@Article{persson,
  Title                    = {A simple mesh generator in MATLAB},

  Owner                    = {omar},
  Timestamp                = {2016.04.19}
}

@Article{rasool,
  Title                    = {Image-driven Haptic Simulation of Arthroscopic Surgery},

  Owner                    = {omar},
  Timestamp                = {2016.04.20}
}

@Book{sethian,
  Title                    = {Level Set Methods and Fast Marching Methods},

  Owner                    = {omar},
  Timestamp                = {2016.04.19}
}

@Article{simpleware,
  Title                    = {An efficient approach to converting three-dimensional image data into highly accurate computational models},

  Owner                    = {omar},
  Timestamp                = {2016.01.31}
}

@Article{sofa,
  Title                    = {SOFA software},

  Owner                    = {omar},
  Timestamp                = {2016.04.20}
}

@Article{vcell,
  Title                    = {Vcell guys},

  Owner                    = {omar},
  Timestamp                = {2016.04.21}
}

@Article{vorocrust1,
  Title                    = {Uniform Random Voronoi Meshes},

  Owner                    = {omar},
  Timestamp                = {2016.01.31}
}

@Article{vorocrust2,
  Title                    = {VoroCrust: Simultaneous Surface Reconstruction and Volume Meshing with Voronoi cells},

  Owner                    = {omar},
  Timestamp                = {2016.04.20}
}

@Article{,
  Title                    = {Linear tets are bad},

  Owner                    = {omar},
  Timestamp                = {2016.04.29}
}

@comment{jabref-meta: selector_publisher:}

@comment{jabref-meta: selector_author:}

@comment{jabref-meta: selector_journal:}

@comment{jabref-meta: selector_keywords:}

