% This file was created with JabRef 2.10b2.
% Encoding: Cp1252

%% CHAPTER 1 - IMAGING AND SEGMENTATION %%%

@misc{nifti, title={{NIfTI: - Neuroimaging Informatics Technology Initiative}}, url={https://nifti.nimh.nih.gov/}, journal={{National Institute of Mental Health}}, publisher={{U.S. Department of Health and Human Services}}}

@misc{nrrd, title={nrrd}, url={http://teem.sourceforge.net/nrrd/index.html}, journal={{Teem: nrrd}}}

@misc{analyzedirect, title={3D Medical Image Analysis Software for Research}, url={https://analyzedirect.com/}, journal={AnalyzeDirect}}

@book{MATLAB,
year = {2017},
author = {MATLAB},
title = {version 9.2.0 (R2017a)},
publisher = {The MathWorks Inc.},
address = {Natick, Massachusetts}
}

@misc{NMR, title={Nuclear magnetic resonance}, url={https://en.wikipedia.org/wiki/Nuclear_magnetic_resonance}, journal={Wikipedia}, publisher={Wikimedia Foundation}, year={2017}, month={Dec}}

@misc{imaios, title={MRI image formation - objectives}, url={https://www.imaios.com/en/e-Courses/e-MRI/The-Physics-behind-it-all}, journal={IMAIOS}}

%%%

@article{larobina_murino_2014, title={{Medical image file formats}}, volume={27}, DOI={10.1007/s10278-013-9657-9}, number={2}, journal={{Journal of Digital Imaging}}, author={Larobina, Michele and Murino, Loredana}, year={2014}, month={Apr}, pages={200-206}}

@book{waldman_campbell, place={London}, title={{Imaging of pain: expert consult}}, publisher={{Elsevier Health Sciences}}, author={Waldman, Steven D. and Campbell, Robert S. D. S. D}, year={2010}}

@article{hendrick_1994, title={{The AAPM/RSNA physics tutorial for residents. Basic physics of MR imaging: an introduction}}, volume={14}, DOI={10.1148/radiographics.14.4.7938771}, number={4}, journal={RadioGraphics}, author={Hendrick, R E}, year={1994}, pages={829-846}}

@article{jacobs_2007, title={{MR Imaging: Brief overview and emerging applications}}, volume={27}, DOI={10.1148/rg.274065115}, number={4}, journal={RadioGraphics}, author={Jacobs, Michael A. and Ibrahim, Tamer S. and Ouwerkerk, Ronald}, year={2007}, pages={1213-1229}}

@book{nishimura_2010, title={{Principles of magnetic resonance imaging}}, publisher={Stanford University}, author={Nishimura, Dwight George}, year={2010}}

@book{brown_semelka_2003, place={Hoboken, NJ}, title={{MRI: basic principles and applications}}, publisher={Wiley-Liss}, author={Brown, Mark A. and Semelka, Richard C.}, year={2003}}

@book{webb_2003, place={New York}, title={{Introduction to biomedical Imaging}}, publisher={John Wiley \& Sons, Incorporated}, author={Webb, Andrew G.}, year={2003}}

@article{beek_hoffman_2008, title={{Functional imaging: CT and MRI}}, volume={29}, DOI={10.1016/j.ccm.2007.12.003}, number={1}, journal={Clinics in Chest Medicine}, author={Beek, Edwin J.r. Van and Hoffman, Eric A.}, year={2008}, pages={195-216}}

@article{mahesh_2002, title={{The AAPM/RSNA physics tutorial for residents}}, volume={22}, DOI={10.1148/radiographics.22.4.g02jl14949}, number={4}, journal={RadioGraphics}, author={Mahesh, Mahadevappa}, year={2002}, pages={949-962}}

@article{goldman_2007, title={{Principles of CT and CT technology}}, volume={35}, DOI={10.2967/jnmt.107.042978}, number={3}, journal={Journal of Nuclear Medicine Technology}, author={Goldman, L. W.}, year={2007}, month={Jan}, pages={115-128}}

@article{pomeranz_2007, title={{Imaging on trial: MRI versus CT}}, journal={Imaging technologies}, author={Pomeranz, Stephen J and Taranto, Richard}, year={2007}, month={Jan}}

@article{chetih_2015, title={{Tomographic image reconstruction using filtered back projection (FBP) and algebraic reconstruction technique (ART)}}, DOI={10.1109/ceit.2015.7233031}, journal={2015 3rd International Conference on Control, Engineering \& Information Technology (CEIT)}, author={Chetih, Nabil and Messali, Zoubeida}, year={2015}}

@article{valocik_2005, title={{Three-dimensional echocardiography in mitral valve disease}}, volume={6}, DOI={10.1016/j.euje.2005.02.007}, number={6}, journal={European Journal of Echocardiography}, author={Valocik, G and Kamp, O and Visser, C}, year={2005}, pages={443-454}}

@article{bruining_2000, title={{Three-dimensional echocardiography paves the way toward virtual reality}}, volume={26}, DOI={10.1016/s0301-5629(00)00256-8}, number={7}, journal={Ultrasound in Medicine \& Biology}, author={Bruining, Nico and Lanc\'ee, Charles and Roelandt, Jos R.t.c and Bom, Nicolaas}, year={2000}, pages={1065-1074}}

@article{o'donnell_westin_2011, title={{An introduction to diffusion tensor image analysis}}, volume={22}, DOI={10.1016/j.nec.2010.12.004}, number={2}, journal={Neurosurgery Clinics of North America}, author={O'Donnell, Lauren J. and Westin, Carl-Fredrik}, year={2011}, pages={185-196}}

@article{alexander_lee_lazar_field_2007, title={{Diffusion tensor imaging of the brain}}, volume={4}, DOI={10.1016/j.nurt.2007.05.011}, number={3}, journal={Neurotherapeutics}, author={Alexander, Andrew L. and Lee, Jee Eun and Lazar, Mariana and Field, Aaron S.}, year={2007}, pages={316-329}}

@article{glaser_manduca_ehman_2012, title={{Review of MR elastography applications and recent developments}}, volume={36}, DOI={10.1002/jmri.23597}, number={4}, journal={Journal of Magnetic Resonance Imaging}, author={Glaser, Kevin J. and Manduca, Armando and Ehman, Richard L.}, year={2012}, pages={757-774}}

@article{zaleska_2014, title={{Ultrasound elastography - review of techniques and its clinical applications}}, volume={23}, DOI={10.17219/acem/26301}, journal={Advances in Clinical and Experimental Medicine}, author={Zaleska-Dorobisz, Urszula and Kaczorowski, Krzysztof and Pawluś, Aleksander and Puchalska, Agata and Inglot, Marcin}, year={2014}, pages={645-655}}

@article{knowles_2016, title={{Quantitative computed tomography (QCT) derived bone mineral density (BMD) in finite element studies: a review of the literature}}, volume={3}, DOI={10.1186/s40634-016-0072-2}, number={1}, journal={Journal of Experimental Orthopaedics}, author={Knowles, Nikolas K. and Reeves, Jacob M. and Ferreira, Louis M.}, year={2016}}

@book{suetens_2017, place={Cambridge}, title={{Fundamentals of medical imaging}}, publisher={Cambridge University Press}, author={Suetens, Paul}, year={2017}}

@Misc{Seg3D,
  author =    "CIBC",
  year =      "2016",
  note =      "Seg3D: Volumetric Image Segmentation and
              Visualization. Scientific Computing and Imaging
              Institute (SCI), Download from:
              http://www.seg3d.org",
  keywords =  "Seg3D, CIBC",
}

@article{pham_2000, title={{Current methods in medical image segmentation}}, volume={2}, DOI={10.1146/annurev.bioeng.2.1.315}, number={1}, journal={Annual Review of Biomedical Engineering}, author={Pham, Dzung L. and Xu, Chenyang and Prince, Jerry L.}, year={2000}, pages={315-337}}

@article{sharma_2010, title={{Automated medical image segmentation techniques}}, volume={35}, DOI={10.4103/0971-6203.58777}, number={1}, journal={Journal of Medical Physics}, author={Sharma, Neeraj and Ray, Amitk and Shukla, Kk and Sharma, Shiru and Pradhan, Satyajit and Srivastva, Arvind and Aggarwal, Lalitm}, year={2010}, pages={3}}

@article{sethian_1996, title={{A fast marching level set method for monotonically advancing fronts}}, volume={93}, DOI={10.1073/pnas.93.4.1591}, number={4}, journal={Proceedings of the National Academy of Sciences}, author={Sethian, J. A.}, year={1996}, pages={1591-1595}}

@article{malladi_1995, title={{Shape modeling with front propagation: a level set approach}}, volume={17}, DOI={10.1109/34.368173}, number={2}, journal={IEEE Transactions on Pattern Analysis and Machine Intelligence}, author={Malladi, R. and Sethian, J.A. and Vemuri, B.C.}, year={1995}, pages={158-175}}

@article{litjens_2017, title={{A survey on deep learning in medical image analysis}}, volume={42}, DOI={10.1016/j.media.2017.07.005}, journal={Medical Image Analysis}, author={Litjens, Geert and Kooi, Thijs and Bejnordi, Babak Ehteshami and Setio, Arnaud Arindra Adiyoso and Ciompi, Francesco and Ghafoorian, Mohsen and Laak, Jeroen A.w.m. Van Der and Ginneken, Bram Van and Sánchez, Clara I.}, year={2017}, pages={60-88}}

%% CHAPTER 2 - SURFACE GENERATION %%%

@Book{morel,
  Title                    = {Variational Methods in Image Segmentation},
  Author                   = {Morel},
  Owner                    = {omar},
  Timestamp                = {2016.04.19}
}

@Article{strbac,
  Title                    = {Analyzing the potential of GPGPUs for real-time explicit finite element analysis of soft tissue deformation using CUDA},
  Author                   = {Strbac},
  Owner                    = {omar},
  Timestamp                = {2016.04.20}
}

@Article{tarjuelo,
  Title                    = {Automatic Segmentation of Abdominal Aortic Aneurysm from Magnetic Resonance Images Based on Active Shape Models and Texture Models},
  Author                   = {Tarjuelo-Gutierrez},
  Owner                    = {omar},
  Timestamp                = {2016.04.20}
}

@Article{cotin,
  Title                    = {Deformation-based Augmented Reality for Hepatic Surgery},
  Owner                    = {omar},
  Timestamp                = {2016.04.20}
}

@Article{h3d,
  Title                    = {H3D. haptics},
  Owner                    = {omar},
  Timestamp                = {2016.04.20}
}

@Article{heartmech,
  Title                    = {A high-resolution computational model of the deforming human heart},
  Pages                    = {124},
  Volume                   = {14},
  Owner                    = {Omar},
  Timestamp                = {2010.08.23}
}

@Article{junwu,
  Title                    = {Real-time Haptic Cutting of High-resolution soft tissues},
  Owner                    = {omar},
  Timestamp                = {2016.04.20}
}

@Article{kazhdan,
  Title                    = {Poisson Surface Reconstruction},
  Owner                    = {omar},
  Timestamp                = {2016.04.20}
}

@Article{lcevt,
  Title                    = {Image Segmentation Using Local Variation and Edge-Weighted Centroidal Voronoi Tessellations},
  Owner                    = {omar},
  Timestamp                = {2016.02.01}
}

@Book{mitiche,
  Title                    = {Variational and Level Set Methods in Image Segmentation},
  Owner                    = {omar},
  Timestamp                = {2016.04.19}
}

@Article{newheartpaper,
  Title                    = {Anatomically accurate high resolution modeling of human whole heart electromechanics: A strongly scalable algebraic multigrid solver method for nonlinear deformation},
  Owner                    = {omar},
  Timestamp                = {2016.01.31}
}

@Article{persson,
  Title                    = {A simple mesh generator in MATLAB},
  Owner                    = {omar},
  Timestamp                = {2016.04.19}
}

@Article{rasool,
  Title                    = {Image-driven Haptic Simulation of Arthroscopic Surgery},
  Owner                    = {omar},
  Timestamp                = {2016.04.20}
}

@Book{sethian,
  Title                    = {Level Set Methods and Fast Marching Methods},
  Owner                    = {omar},
  Timestamp                = {2016.04.19}
}

@Article{simpleware,
  Title                    = {An efficient approach to converting three-dimensional image data into highly accurate computational models},
  Owner                    = {omar},
  Timestamp                = {2016.01.31}
}

@Article{sofa,
  Title                    = {SOFA software},
  Owner                    = {omar},
  Timestamp                = {2016.04.20}
}

@Article{vcell,
  Title                    = {Vcell guys},
  Owner                    = {omar},
  Timestamp                = {2016.04.21}
}

@Article{vorocrust1,
  Title                    = {Uniform Random Voronoi Meshes},
  Owner                    = {omar},
  Timestamp                = {2016.01.31}
}

@Article{vorocrust2,
  Title                    = {VoroCrust: Simultaneous Surface Reconstruction and Volume Meshing with Voronoi cells},
  Owner                    = {omar},
  Timestamp                = {2016.04.20}
}

@Article{,
  Title                    = {Linear tets are bad},
  Owner                    = {omar},
  Timestamp                = {2016.04.29}
}


@comment{jabref-meta: selector_publisher:}

@comment{jabref-meta: selector_author:}

@comment{jabref-meta: selector_journal:}

@comment{jabref-meta: selector_keywords:}

